<record xmlns="http://www.openarchives.org/OAI/2.0/" xmlns:xsi="http://www.w3.org/2001/XMLSchema-instance"><header><identifier>oai:alma.34CSIC_INST:990012209630204201</identifier><datestamp>2020-02-06T08:41:03Z</datestamp><setSpec>manuscripta</setSpec></header><metadata><record xmlns="http://www.loc.gov/MARC21/slim" xmlns:xsi="http://www.w3.org/2001/XMLSchema-instance" xsi:schemaLocation="http://www.loc.gov/MARC21/slim http://www.loc.gov/standards/marcxml/schema/MARC21slim.xsd"><leader>02517ntm a2200457 i 4500</leader><controlfield tag="005">20181031100335.0</controlfield><controlfield tag="008">100201m13001400xx            000 0 heb d</controlfield><controlfield tag="001">990012209630204201</controlfield><datafield tag="035" ind1=" " ind2=" "><subfield code="a">CSIC001220963</subfield></datafield><datafield tag="035" ind1=" " ind2=" "><subfield code="a">(ES-MaCSI)001220963MAD01-Aleph</subfield></datafield><datafield tag="035" ind1=" " ind2=" "><subfield code="a">(OCoLC)1123853611
</subfield></datafield><datafield tag="040" ind1=" " ind2=" "><subfield code="a">ES-MaCSI</subfield><subfield code="b">spa</subfield></datafield><datafield tag="041" ind1="0" ind2=" "><subfield code="a">heb</subfield><subfield code="a">arc</subfield></datafield><datafield tag="080" ind1=" " ind2=" "><subfield code="a">091(=411.16)</subfield></datafield><datafield tag="080" ind1=" " ind2=" "><subfield code="a">26-256</subfield></datafield><datafield tag="130" ind1="0" ind2=" "><subfield code="a">Talmud</subfield><subfield code="p">Nedarim</subfield></datafield><datafield tag="245" ind1="1" ind2="0"><subfield code="a">או' יפר ור' יהושוע או' לאחד ולא לשנים</subfield><subfield code="h">[Manuscrito]</subfield></datafield><datafield tag="260" ind1=" " ind2=" "><subfield code="a">[S.l.],</subfield><subfield code="c">[1300-1400].</subfield></datafield><datafield tag="300" ind1=" " ind2=" "><subfield code="a">1 legajo (23 lín.) ;</subfield><subfield code="c">23 x 18 cm.</subfield></datafield><datafield tag="490" ind1="0" ind2=" "><subfield code="a">Manuscripta</subfield></datafield><datafield tag="500" ind1=" " ind2=" "><subfield code="a">Título alternativo: Tratado Nedarim del TB (extracto)</subfield></datafield><datafield tag="500" ind1=" " ind2=" "><subfield code="a">Distribución: línea tirada, 23 lín.</subfield></datafield><datafield tag="500" ind1=" " ind2=" "><subfield code="a">Pergamino</subfield></datafield><datafield tag="500" ind1=" " ind2=" "><subfield code="a">Incipit:או' יפר ור' יהושוע או' לאחד ולא לשנים</subfield></datafield><datafield tag="500" ind1=" " ind2=" "><subfield code="a">Explicit: הכתו' מדבר אתה אומ' בשותק על מנת</subfield></datafield><datafield tag="500" ind1=" " ind2=" "><subfield code="a">Lugar de escritura: Desconocido</subfield></datafield><datafield tag="500" ind1=" " ind2=" "><subfield code="a">Copista: Desconocido</subfield></datafield><datafield tag="500" ind1=" " ind2=" "><subfield code="a">Características especiales: Palabra inicial de sección en letra cuadrada de mayor tamaño</subfield></datafield><datafield tag="500" ind1=" " ind2=" "><subfield code="a">1 legajo</subfield></datafield><datafield tag="500" ind1=" " ind2=" "><subfield code="a">Rayaduras ligeramente visibles, a punta seca</subfield></datafield><datafield tag="500" ind1=" " ind2=" "><subfield code="a">Signatura antigua: CVI-M/106</subfield></datafield><datafield tag="505" ind1="8" ind2="0"><subfield code="a">Extracto desde el f. 74b hasta el f. 79a del tratado Nedarim del TB.</subfield></datafield><datafield tag="546" ind1=" " ind2=" "><subfield code="a">Hebreo y arameo</subfield><subfield code="b">Escritura hebrea sefardí semicursiva</subfield></datafield><datafield tag="541" ind1=" " ind2=" "><subfield code="a">Procedencia: Desconocida</subfield></datafield><datafield tag="563" ind1=" " ind2=" "><subfield code="a">1 bifolio recortado para su reutilización en la enc. de otros mss.</subfield></datafield><datafield tag="630" ind1="0" ind2="7"><subfield code="a">Talmud</subfield><subfield code="p">Nedarim</subfield><subfield code="2">CSICAU</subfield></datafield><datafield tag="650" ind1=" " ind2="7"><subfield code="a">Manuscritos hebreos.</subfield><subfield code="2">CSICAU</subfield></datafield><datafield tag="740" ind1="0" ind2=" "><subfield code="a">Tratado Nedarim del TB</subfield></datafield><datafield tag="830" ind1=" " ind2="0"><subfield code="a">Manuscripta</subfield></datafield><datafield tag="856" ind1="4" ind2="1"><subfield code="u">http://aleph.csic.es/imagenes/mad01/0006_PMSC/P_001220963_637406_V00.pdf</subfield><subfield code="z">Descargar Pdf completo (526K)</subfield><subfield code="m">CSIC</subfield></datafield><datafield tag="856" ind1="4" ind2="1"><subfield code="u">http://simurg.bibliotecas.csic.es/viewer/image/CSIC001220963/1/</subfield><subfield code="z">Ver texto completo en SIMURG, el portal de fondos digitalizados del CSIC</subfield><subfield code="m">CSIC</subfield></datafield><datafield tag="856" ind1="4" ind2="1"><subfield code="u">http://aleph.csic.es/imagenes/mad01/0006_PMSC/html/001220963.html</subfield><subfield code="z">Ver texto completo en Bookreader</subfield></datafield></record></metadata></record>